@article{Eq,
	author		= "Eilemann, S. and Pajarola, R.",
	title		= "The Equalizer Parallel Rendering Framework",
	institution	= "{Department of Informatics, University of Z\"urich}",
	yeaer		= "2007"
}

@article{chromium,
	author 		= "Humphreys, G. and Houston, M. and Ng, R. and Frank, R. and Ahern, S. and Kirchner P. D.",
	title		= "{Chromium: A Stream-Processing Framework for Interactive Rendering on Clusters}",
	institution	= "{Stanford University}",
	year		= "2008"
}

@article{eqParallel,
	author		= "Eilemann, S. and Makhinya, M. and Pajarola, R.",
	title		= "{Equalizer: A Scalable Parallel Rendering Framework}",
	institution = "{Visualization and MultiMedia Lab, Department of Informatics, University of Z\"urich}",
	year		= "2008"
}

@article{eqPG,
	author 		= "Stefan Eilemann",
	title		= "{Equalizer 0.5 Programming Guide}",
	institution	= "{Eyescale Software}",
	year		= "2008"
}

@article{MPK,
	author		= "Bhaniramka, P. and Robert, P.C.D. and Eilemann, S.",
	title		= "{OpenGL Multipipe SDK: A toolkit for scalable parallel rendering}",
	institution = "Silicon Graphics Inc.",
	journal 	= "{Proceedings IEEE Visualization}",
	year		= "2005"
}

@article{distOSG,
	author = "Thomas Samuelsen",
	title = "{Distributed OpenSceneGraph}",
	institution ="Department of computer Science, Faculty of Science, University of Tromsø, 9037 Tromsø",
	year = "2007",
	howpublished= "\href{http://www.ub.uit.no/munin/handle/10037/1065}{http://www.ub.uit.no/munin/handle/10037/1065}"
}

@book{osgGuide,
	author		= "Paul Martz",
	title		= "{OpenSceneGraph Quick Start Guide}",	
	publisher	= "pmartz",
	year		= "2007"
}

@MISC{website:ogreWeb,
	title		= "{Open Source 3D Graphics Engine}",
	howpublished= "\href{http://www.ogre3d.org}{http://www.ogre3d.org}"
}

@MISC{website:equalizer,
	title		= "{Equalizergraphics}",
	howpublished= "\href{http://www.equalizergraphics.com}{http://www.equalizergraphics.com}"
}

@MISC{website:osgWeb,
	title		= "{OpenSourceGraph}",
	howpublished= "\href{http://www.openscenegraph.org}{http://www.openscenegraph.org}"
}

@misc{website:chromiumWeb,
	title		="{Chromium}",
	howpublished="\href{http://sourceforge.net/projects/chromium/}{http://sourceforge.net/projects/chromium/}"
}

@misc{website:VRML,
	title		="{Wikipedia: VRML}",
	howpublished="\href{http://en.wikipedia.org/wiki/VRML}{http://en.wikipedia.org/wiki/VRML}"
}


@misc{website:X3D,
	title		="{Wikipedia: X3D}",
	howpublished="\href{http://en.wikipedia.org/wiki/X3D}{http://en.wikipedia.org/wiki/X3D}"
}